@article{Bollinger1992,
abstract = {John Bollinger is a giant in today's trading community. His Bollinger Bands sharpen the sensitivity of fixed indicators, allowing them to more precisely reflect a market's volatility. By more accurately indicating the existing market environment, they are seen by many as today's standard—and most reliable—tool for plotting expected price action.},
author = {Bollinger, John},
isbn = {9780071386739},
journal = {Stocks {\&} Commodities},
number = {2},
pages = {47--51},
title = {{Using Bollinger Bands}},
volume = {10},
year = {1992}
}
